@misc{ref1,
  title        = {{3S - IT Solutions \& Services}},
  howpublished = {\url{https://www.3s.com.tn/ }},
  note         = {Accessed: 2025-04-05}
}

@misc{ref2,
  title        = {{What is SD-WAN?}},
  author       = {{Cisco Systems}},
  howpublished = {\url{https://www.cisco.com/c/en/us/solutions/enterprise-networks/sd-wan/what-is-sd-wan.html }},
  note         = {Accessed: 2025-04-05}
}

@misc{ref3,
  title        = {{Why Do We Need SD-WAN?}},
  author       = {{NetworkAcademy.io}},
  howpublished = {\url{https://www.networkacademy.io/ccie-enterprise/sdwan/why-do-we-need-sd-wan }},
  note         = {Accessed: 2025-04-05}
}

@misc{ref4,
  title        = {{Cisco SD-WAN Main Principles}},
  author       = {{NetworkAcademy.io}},
  howpublished = {\url{https://www.networkacademy.io/ccie-enterprise/sdwan/cisco-sd-wan-main-principles }},
  note         = {Accessed: 2025-04-05}
}

@misc{ref5,
  title        = {{What is Agile Methodology?}},
  author       = {{Asana}},
  howpublished = {\url{https://asana.com/fr/resources/agile-methodology }},
  note         = {Accessed: 2025-04-05}
}

@misc{ref6,
  title        = {{What is Scrum?}},
  author       = {{Scrum.org}},
  howpublished = {\url{https://www.scrum.org/resources/what-scrum-module }},
  note         = {Accessed: 2025-04-05}
}

@misc{ref7,
  title        = {{What is the Waterfall Model?}},
  author       = {{Adobe Inc.}},
  howpublished = {\url{https://business.adobe.com/blog/basics/waterfall }},
  note         = {Accessed: 2025-04-05}
}

@misc{ref8,
  title        = {{Fortinet Secure SD-WAN}},
  author       = {{Fortinet Technologies}},
  howpublished = {\url{https://www.fortinet.com/products/sd-wan }},
  note         = {Accessed: 2025-04-05}
}

@misc{ref9,
  title        = {{Fortinet Sécurité Réseau - Equipemicrofix}},
  author       = {{Equipemicrofix}},
  howpublished = {\url{https://www.equipemicrofix.com/fabrique-de-securite-fortinet/ }},
  note         = {Accessed: 2025-04-05}
}

@misc{ref10,
  title        = {{Versa SD-WAN Solution}},
  author       = {{Versa Networks}},
  howpublished = {\url{https://versa-networks.com/products/sd-wan/ }},
  note         = {Accessed: 2025-04-05}
}

@misc{ref11,
  title        = {{Cisco SD-WAN (Viptela) Overview}},
  author       = {{Cisco Systems}},
  howpublished = {\url{https://www.cisco.com/c/en/us/services/acquisitions/viptela.html }},
  note         = {Accessed: 2025-04-05}
}

@misc{ref12,
  title        = {{Cisco Meraki MX Security and SD-WAN}},
  author       = {{Cisco Meraki}},
  howpublished = {\url{https://meraki.cisco.com/products/security-sd-wan/ }},
  note         = {Accessed: 2025-04-05}
}

@misc{ref13,
  title        = {{How Cisco SD-WAN Works}},
  author       = {{NetworkAcademy.io}},
  howpublished = {\url{https://www.networkacademy.io/ccie-enterprise/sdwan/how-cisco-sd-wan-works }},
  note         = {Accessed: 2025-04-05}
}

@misc{ref14,
  title        = {{Cisco SD-WAN Architecture Components}},
  author       = {{LookingPoint}},
  howpublished = {\url{https://www.lookingpoint.com/blog/cisco-sdwan-architecture-components }},
  note         = {Accessed: 2025-04-05}
}

@misc{ref15,
  title        = {{Cisco SD-WAN White Paper}},
  author       = {{Cisco Systems}},
  howpublished = {\url{https://www.cisco.com/c/en/us/solutions/collateral/enterprise-networks/sd-wan/white-paper-c11-741640.html }},
  note         = {Accessed: 2025-04-05}
}

@misc{ref16,
  title        = {{Cisco SD-WAN Certificates Explained}},
  author       = {{NetworkAcademy.io}},
  howpublished = {\url{https://www.networkacademy.io/ccie-enterprise/sdwan/cisco-sd-wan-certificates-explained }},
  note         = {Accessed: 2025-04-05}
}